%% This BibTeX bibliography file was created using BibDesk.
%% https://bibdesk.sourceforge.io/

%% Created for Oliver Schallert at 2021-10-14 12:52:59 +0200 


%% Saved with string encoding Unicode (UTF-8) 

@Book{Nuebling1992,
  title     = {{Klitika im Deutschen. Schriftsprache, Umgangssprache, alemannische Dialekte}},
  publisher = {Narr},
  year      = {1992},
  author    = {Damaris N\"ubling},
  series    = {ScriptOralia; 42},
  address   = {Tübingen},
}

@InCollection{Triwunatz1913,
  author    = {Milosch Triwunatz},
  title     = {Zur Ausstoßung des schwachen \textit{e} im Bairischen des 11. und 12. Jahrhunderts},
  booktitle = {{Beiträge zur Geschichte der deutschen Sprache und Literatur 38}},
  year      = {1913},
  hyphenation = {german},
  pages     = {358–372},
}

@incollection{beckerschallert22b,
	author = {Becker, Carsten and Schallert, Oliver},
	booktitle = {Struktur von Variation zwischen Individuum und Gesellschaft. Akten der 14. Bayerisch-{\"O}sterreichischen Dialektologietagung, Salzburg, 7.--9.11.2019},
	date-added = {2021-11-02 09:53:06 +0100},
	date-modified = {2021-11-02 09:56:40 +0100},
	editor = {Vergeiner, Philip C. and Elspa{\ss}, Stephan and Wallner, Dominik},
	publisher = {Steiner},
	series = {(Zeitschrift f{\"u}r Dialektologie und Linguistik -- Beihefte)},
	title = {Areale Variation im Bairischen des 13. Jahrhunderts: Eine Innen- und Au{\ss}enperspektive},
	year = {2022}}

@article{beckerschallert22a,
	author = {Becker, Carsten and Schallert, Oliver},
	date-added = {2021-11-02 09:51:25 +0100},
	date-modified = {2021-11-02 09:53:02 +0100},
	journal = {Zeitschrift f{\"u}r deutsches Altertum und deutsche Literatur [ZfdA]},
	title = {Urkunden als Quelle (schreib-)sprachlandschaftlicher Variation: Bestandsaufnahmen und Perspektiven},
	volume = {151},
	year = {2022}}

@article{beckerschallert21,
	author = {Becker, Carsten and Schallert, Oliver},
	date-added = {2021-11-02 09:50:25 +0100},
	date-modified = {2021-11-02 09:51:23 +0100},
	journal = {North-Western European Language Evolution [NOWELE]},
	number = {2},
	pages = {199--241},
	title = {Charters as a source for the dialectology of Middle High German},
	volume = {74},
	year = {2021}}

@book{cao1,
	date-added = {2021-11-02 09:19:17 +0100},
	date-modified = {2021-11-02 09:19:17 +0100},
	editor = {Wilhelm, Friedrich},
	langid = {german},
	location = {Lahr},
	maintitle = {Corpus der altdeutschen Originalurkunden bis zum Jahr 1300},
	publisher = {Schauenburg},
	title = {1200--1282},
	volume = {1},
	year = {1932}}

@book{cao2,
	date-added = {2021-11-02 09:19:17 +0100},
	date-modified = {2021-11-02 09:19:17 +0100},
	editor = {Wilhelm, Friedrich and Newald, Richard},
	editora = {Friedrich Wilhelm},
	editoratype = {founder},
	editorb = {Richard Newald},
	editorbtype = {continuator},
	langid = {german},
	location = {Lahr},
	maintitle = {Corpus der altdeutschen Originalurkunden bis zum Jahr 1300},
	publisher = {Schauenburg},
	title = {1283--1292},
	volume = {2},
	year = {1943}}

@book{cao3,
	date-added = {2021-11-02 09:19:17 +0100},
	date-modified = {2021-11-02 09:19:17 +0100},
	editor = {de Boor, Helmut and Haacke, Diether},
	editora = {Friedrich Wilhelm},
	editoratype = {founder},
	editorb = {de Boor, Helmut and Haacke, Diether},
	editorbtype = {continuator},
	langid = {german},
	location = {Lahr},
	maintitle = {Corpus der altdeutschen Originalurkunden bis zum Jahr 1300},
	publisher = {Schauenburg},
	title = {1293--1296},
	volume = {3},
	year = {1957}}

@book{cao4,
	date-added = {2021-11-02 09:19:17 +0100},
	date-modified = {2021-11-02 09:19:17 +0100},
	editor = {de Boor, Helmut and Haacke, Diether},
	editora = {Friedrich Wilhelm},
	editoratype = {founder},
	editorb = {de Boor, Helmut and Haacke, Diether},
	editorbtype = {continuator},
	langid = {german},
	location = {Lahr},
	maintitle = {Corpus der altdeutschen Originalurkunden bis zum Jahr 1300},
	publisher = {Schauenburg},
	title = {1297--},
	volume = {4},
	year = {1963}}

@book{cao5,
	date-added = {2021-11-02 09:19:17 +0100},
	date-modified = {2021-11-02 09:19:17 +0100},
	editor = {de Boor, Helmut and Haacke, Diether and Kirschstein, Bettina and Schulze, Ursula},
	editora = {Friedrich Wilhelm},
	editoratype = {founder},
	editorb = {de Boor, Helmut and Haacke, Diether and Kirschstein, Bettina and Schulze, Ursula},
	editorbtype = {continuator},
	langid = {german},
	location = {Berlin},
	maintitle = {Corpus der altdeutschen Originalurkunden bis zum Jahr 1300},
	publisher = {Erich Schmidt},
	title = {Nachtragsurkunden 1261--1297},
	volume = {5},
	year = {2004}}

@collection{caor1,
	date-added = {2021-11-02 09:19:17 +0100},
	date-modified = {2021-11-02 09:19:17 +0100},
	editor = {Helmut de Boor and Diether Haacke},
	editora = {Friedrich Wilhelm},
	editoratype = {founder},
	editorb = {Helmut de Boor and Diether Haacke},
	editorbtype = {continuator},
	langid = {german},
	location = {Lahr},
	publisher = {Moritz Schauenburg},
	shorttitle = {CAO~R},
	subtitle = {Nr.~1 -- 3598},
	title = {Regesten zu den B\"anden I--IV},
	year = {1963}}

@collection{caor2,
	date-added = {2021-11-02 09:19:17 +0100},
	date-modified = {2021-11-02 09:19:17 +0100},
	editor = {Richard Newald and Helmut de Boor},
	editora = {Friedrich Wilhelm},
	editoratype = {founder},
	editorb = {Richard Newald and Helmut de Boor},
	editorbtype = {continuator},
	langid = {german},
	location = {Lahr},
	publisher = {Moritz Schauenburg},
	shorttitle = {CAO~R},
	subtitle = {Nr.~N1 (54a) -- N 824 (2578a)},
	title = {Regesten zu Band 5},
	year = {2004}}

@book{wmu2,
	date-added = {2021-11-02 09:16:56 +0100},
	date-modified = {2021-11-02 09:16:56 +0100},
	editor = {Kirschstein, Bettina and Schulze, Ursula and Ohly, Sibylle and Schmitt, Peter},
	langid = {german},
	location = {Berlin},
	maintitle = {W{\"o}rterbuch der mittelhochdeutschen Urkundensprache auf der Grundlage des Corpus der altdeutschen Originalurkunden bis zum Jahr 1300},
	publisher = {Erich Schmidt},
	title = {hinnen dar -- swester},
	volume = {2},
	year = {2003}}

@book{wmu3,
	date-added = {2021-11-02 09:16:53 +0100},
	date-modified = {2021-11-02 09:16:53 +0100},
	editor = {Kirschstein, Bettina and Schulze, Ursula and Ohly, Sibylle and Schmitt, Peter},
	langid = {german},
	location = {Berlin},
	maintitle = {W{\"o}rterbuch der mittelhochdeutschen Urkundensprache auf der Grundlage des Corpus der altdeutschen Originalurkunden bis zum Jahr 1300},
	publisher = {Erich Schmidt},
	title = {swesterkind -- zw{\^\i}velrede; Nachtr{\"a}ge abebenen -- zilboum; Bemerkungen zum Abschluss des WMU},
	volume = {3},
	year = {2010}}

@incollection{gniffke09,
	author = {Gniffke, Andreas},
	booksubtitle = {Neue Technologien in der historischen Arbeit mit Urkunden},
	booktitle = {Digitale Diplomatik},
	date-added = {2021-11-02 09:13:50 +0100},
	date-modified = {2021-11-02 09:13:50 +0100},
	editor = {Vogeler, Georg},
	langid = {german},
	location = {Cologne and Weimar and Vienna},
	number = {12},
	pages = {91--100},
	publisher = {B{\"o}hlau},
	series = {Archiv f{\"u}r Diplomatik -- Beihefte},
	subtitle = {Pr{\"a}sentation -- Zugang -- Auswertung},
	title = {Das \enquote{Corpus der altdeutschen Originalurkunden bis zum Jahr 1300} im Internet},
	year = {2009}}

@article{gniffkerapp05,
	author = {Gniffke, Andreas and Rapp, Andrea},
	date-added = {2021-11-02 09:13:50 +0100},
	date-modified = {2021-11-02 09:13:50 +0100},
	journal = {Historisches Forum},
	langid = {german},
	number = {1},
	pages = {391--403},
	subtitle = {Ein Retrodigitalisierungsprojekt},
	title = {\enquote{Corpus der altdeutschen Originalurkunden bis zum Jahr 1300}},
	volume = {7},
	year = {2009}}

@book{albertmarx17,
	address = {T{\"u}bingen},
	author = {Albert, Ruth and Marx, Nicole},
	date-added = {2021-11-02 08:47:32 +0100},
	date-modified = {2021-11-02 08:47:32 +0100},
	edition = {3},
	publisher = {Narr},
	series = {(Narr Studienb{\"u}cher)},
	title = {Empirisches Arbeiten in Linguistik und Sprachlehrforschung. Anleitung zu quantitativen Studien von der Planungsphase bis zum Forschungsbericht},
	year = {2017}}

@incollection{schmidtwiegand98,
	address = {Berlin, New York},
	author = {Schmidt-Wiegand, Ruth},
	booktitle = {Sprachgeschichte: Ein Handbuch zur Geschichte der deutschen Sprache und ihrer Erforschung},
	date-added = {2019-11-11 15:53:16 +0100},
	date-modified = {2019-11-11 15:56:57 +0100},
	edition = {2},
	editor = {Besch, Werner and Betten, Anne and Reichmann, Oskar and Sonderegger, Stefan},
	pages = {72--87},
	publisher = {de Gruyter},
	series = {(Handb{\"u}cher zur Sprach- und Kommunikationswissenschaft; 1.)},
	title = {Deutsche Sprachgeschichte und Rechtsgeschichte bis zum Ende des Mittelalters},
	volume = {1},
	year = {1998}}

@incollection{suf3,
	address = {Heidelberg},
	author = {Bayer-Weghake, Marion and Simon, Elke and Herbst, Oliver},
	booktitle = {Sprachatlas von Unterfranken},
	date-added = {2019-11-08 13:25:30 +0100},
	date-modified = {2019-11-08 13:27:19 +0100},
	editor = {Kr{\"a}mer-Neubert, Sabine and Wolf, Norbert Richard},
	publisher = {Universit{\"a}tsverlag Winter},
	series = {(Bayerischer Sprachatlas: Regionalteil 3)},
	title = {Formengeographie I (Nomen und Pronomen) und Formengeographie II (Verb)},
	volume = {3},
	year = {2008}}

@incollection{smf7,
	address = {Heidelberg},
	author = {Heyse, Thurid and Klepsch, Alfred and Mang, Alexander and Reichel, Sybille and Arzberger, Steffen},
	booktitle = {Sprachatlas von Mittelfranken},
	date-added = {2019-11-08 13:22:15 +0100},
	date-modified = {2019-11-08 13:25:24 +0100},
	editor = {Munske, Horst H. and Klepsch, Alfred},
	publisher = {Universit{\"a}tsverlag Winter},
	series = {(Bayerischer Sprachatlas: Regionalteil 2)},
	title = {Morphologie und Syntax},
	volume = {7},
	year = {2014}}

@book{rhwb35,
	author = {M{\"u}ller, Josef},
	date-added = {2019-11-08 13:18:34 +0100},
	date-modified = {2019-11-08 13:21:24 +0100},
	publisher = {Klopp},
	title = {Rheinisches W{\"o}rterbuch},
	volume = {3: H--J},
	year = {1935}}

@phdthesis{rissleben31,
	author = {Ri{\ss}leben, Fritz},
	date-added = {2019-11-08 13:13:54 +0100},
	date-modified = {2019-11-08 13:14:51 +0100},
	school = {Greifswald},
	title = {Die Geschichte der Verbgruppe h{\^a}han-hang{\^e}n-hengen-henken},
	year = {1931}}

@article{stump06,
	author = {Stump, Gregory T.},
	date-added = {2019-11-08 13:11:49 +0100},
	date-modified = {2019-11-08 13:12:32 +0100},
	journal = {Language},
	number = {2},
	pages = {279--322},
	title = {Heteroclisis and Paradigm Linkage},
	volume = {82},
	year = {2006}}

@article{corbett07,
	author = {Corbett, Greville},
	date-added = {2019-11-08 13:09:48 +0100},
	date-modified = {2019-11-08 13:09:48 +0100},
	journal = {Language},
	number = {1},
	pages = {8--42},
	title = {Canonical Typology, Suppletion, and Possible Words},
	volume = {83},
	year = {2007}}

@book{nuebling00,
	author = {N{\"u}bling, Damaris},
	date-added = {2019-11-08 13:08:51 +0100},
	date-modified = {2019-11-08 13:08:51 +0100},
	publisher = {T{\"u}bingen: Niemeyer},
	series = {(Linguistische Arbeiten; 415)},
	title = {Prinzipien der Irregularisierung: eine kontrastive Analyse von zehn Verben in zehn germanischen Sprachen},
	year = {2000}}

@incollection{hopper91,
	address = {Amsterdam, Philadelphia},
	author = {Hopper, Paul J.},
	booktitle = {Approaches to grammaticalization},
	date-added = {2019-11-07 10:09:20 +0100},
	date-modified = {2019-11-07 10:12:18 +0100},
	editor = {Traugott, Elisabeth C. and Heine, Bernd},
	pages = {17--35},
	publisher = {Benjamins},
	series = {(Typological Studies in Language; 19.1)},
	title = {On some principles of grammaticalization},
	volume = {1: Focus on theoretical and methodological issues},
	year = {1991}}

@book{girnth00,
	address = {T{\"u}bingen},
	author = {Girnth, Heiko},
	date-added = {2019-11-07 10:08:30 +0100},
	date-modified = {2019-11-18 18:19:58 +0100},
	publisher = {Niemeyer},
	series = {(Reihe Germanistische Linguistik; 223)},
	title = {Untersuchungen zur Theorie der Grammatikalisierung am Beispiel des Westmitteldeutschen},
	year = {2000}}

@inproceedings{schmid19,
	author = {Schmid, Helmut},
	booktitle = {DATeCH2019 Proceedings of the 3rd International Conference on Digital Access to Textual Cultural Heritage},
	date-added = {2019-11-07 07:56:13 +0100},
	date-modified = {2019-11-07 07:57:59 +0100},
	pages = {133--137},
	title = {Deep Learning-Based Morphological Taggers and Lemmatizers for Annotating Historical Texts},
	year = {2019}}

@incollection{jaeger18,
	address = {Oxford},
	author = {J{\"a}ger, Agnes},
	booktitle = {Clause Structure and Word Order in the History of German},
	date-added = {2019-11-05 10:05:59 +0100},
	date-modified = {2019-11-05 10:07:24 +0100},
	editor = {J{\"a}ger, Agnes and Ferraresi, Gisella and Wei{\ss}, Helmut},
	pages = {302--323},
	publisher = {Oxford University Press},
	series = {(Oxford Studies in Diachronic and Historical Linguistics; 28)},
	title = {On the history of the IPP construction in German},
	year = {2018}}

@incollection{kunze75,
	address = {M{\"u}nchen},
	author = {Kunze, Konrad},
	booktitle = {W{\"u}rzburger Prosastudien 2: Untersuchungen zur Literatur und Sprache des Mittelalters. Kurt Ruh zum 60. Geburtstag},
	date-added = {2019-11-05 10:01:47 +0100},
	date-modified = {2019-11-05 10:05:34 +0100},
	editor = {Kesting, Peter},
	pages = {35--76},
	publisher = {Fink},
	series = {(Medium aevum; 31)},
	title = {Textsorte und historische Wortgeographie. Am Beispiel},
	year = {1975}}

@book{ring08,
	address = {Berlin, New York},
	author = {Ring, Uli},
	date-added = {2019-11-05 10:00:09 +0100},
	date-modified = {2019-11-05 10:01:15 +0100},
	publisher = {De Gruyter},
	series = {(Studia Linguistica Germanica; 96)},
	title = {Substantivderivation in der Urkundensprache des 13. Jahrhunderts. Eine historisch-synchrone Untersuchung anhand der {\"a}ltesten deutschsprachigen Originalurkunden},
	year = {2008}}

@book{weimann12,
	address = {Wien, K{\"o}ln, Weimar},
	author = {Weimann, Britta},
	date-added = {2019-11-05 09:58:38 +0100},
	date-modified = {2019-11-05 09:59:39 +0100},
	publisher = {B{\"o}hlau},
	series = {(Rheinisches Archiv; 157)},
	title = {Moselfr{\"a}nkisch. Der Konsonantismus anhand der fr{\"u}hesten Urkunden},
	year = {2012}}

@book{heeringa04,
	address = {Groningen},
	author = {Heeringa, Wilbert},
	date-added = {2019-11-05 09:55:52 +0100},
	date-modified = {2019-11-05 09:56:55 +0100},
	publisher = {Rijksuniversiteit Groningen},
	series = {(Groningen dissertations in linguistics; 46)},
	title = {Measuring Dialects Pronunciation Differences},
	year = {2004}}

@article{birkenes19,
	author = {Birkenes, Magnus B.},
	date-added = {2019-11-05 09:54:37 +0100},
	date-modified = {2019-11-05 09:55:37 +0100},
	journal = {Us Wurk},
	pages = {[im Erscheinen]},
	title = {North Frisian dialects: A quantitative investigation using a parallel corpus of translations},
	volume = {68},
	year = {2019}}

@book{boesch46,
	address = {Bern},
	author = {Boesch, Bruno},
	date-added = {2019-11-05 09:52:44 +0100},
	date-modified = {2019-11-05 09:53:38 +0100},
	publisher = {Francke},
	title = {Untersuchungen zur alemannischen Urkundensprache des 13. Jahrhunderts. Laut- und Formenlehre},
	year = {1946}}

@article{sparmann63,
	author = {Sparmann, Herbert},
	date-added = {2019-11-05 09:50:51 +0100},
	date-modified = {2019-11-05 09:51:52 +0100},
	journal = {Beitr{\"a}ge zur Geschichte der deutschen Sprache und Literatur (PBB)},
	pages = {369--373},
	title = {Beobachtungen zu den Formeln in der mittelhochdeutschen Urkundensprache},
	volume = {85},
	year = {1963}}

@article{stolz07,
	author = {Stolz, Thomas},
	date-added = {2019-11-05 09:49:46 +0100},
	date-modified = {2019-11-05 09:50:37 +0100},
	journal = {Sprachtypologie und Universalienforschung},
	number = {2},
	pages = {100--117},
	title = {Harry Potter meets Le petit prince -- On the usefulness of parallel corpora in crosslinguistic investigations},
	volume = {60},
	year = {2007}}

@article{cysouwwaelchli07,
	author = {Cysouw, Michael and W{\"a}lchli, Bernhard},
	date-added = {2019-11-05 09:47:49 +0100},
	date-modified = {2019-11-05 09:49:11 +0100},
	journal = {Sprachtypologie und Universalienforschung [Themenheft]},
	number = {2},
	title = {Focus on parallel texts},
	volume = {60},
	year = {2007}}

@incollection{deboor74,
	address = {Berlin},
	author = {de Boor, Helmut},
	booktitle = {Kritische Bewahrung. Festschrift f{\"u}r Werner Schr{\"o}der zum 60. Geburtstag},
	date-added = {2019-11-05 09:45:47 +0100},
	date-modified = {2019-11-05 09:47:40 +0100},
	editor = {Ernst-Joachim Schmidt},
	pages = {118--139},
	publisher = {Erich Schmidt Verlag},
	title = {\textit{Elliu, alliu, alle} in den deutschen Urkunden des 13. Jahrhunderts},
	year = {1974}}

@book{asna2,
	address = {Berlin, Boston},
	author = {Peters, Robert and Fischer, Christian and Nagel, Norbert},
	date-added = {2019-11-05 09:15:26 +0100},
	date-modified = {2019-11-05 09:15:26 +0100},
	publisher = {De Gruyter},
	title = {Atlas sp{\"a}tmittelalterlicher Schreibsprachen des niederdeutschen Altlandes und angrenzender Gebiete (ASnA)},
	volume = {2: Verzeichnis der Belegtypen},
	year = {2017}}

@book{asna1,
	address = {Berlin, Boston},
	author = {Peters, Robert and Fischer, Christian and Nagel, Norbert},
	date-added = {2019-11-05 09:15:00 +0100},
	date-modified = {2019-11-05 09:15:00 +0100},
	publisher = {De Gruyter},
	title = {Atlas sp{\"a}tmittelalterlicher Schreibsprachen des niederdeutschen Altlandes und angrenzender Gebiete (ASnA)},
	volume = {1: Einleitung, Karten},
	year = {2017}}

@book{asna3,
	address = {Berlin, Boston},
	author = {Peters, Robert and Fischer, Christian and Nagel, Norbert},
	date-added = {2019-11-05 09:13:17 +0100},
	date-modified = {2019-11-05 09:15:48 +0100},
	publisher = {De Gruyter},
	title = {Atlas sp{\"a}tmittelalterlicher Schreibsprachen des niederdeutschen Altlandes und angrenzender Gebiete (ASnA)},
	volume = {3: Verzeichnis der Schreibformen und der Textzeugen},
	year = {2017}}

@incollection{elmenthalervoeste19,
	address = {Berlin, Boston},
	author = {Elmentaler, Michael and Voeste, Anja},
	booktitle = {Sprache und Raum. Ein internationales Handbuch der Sprachvariation},
	date-added = {2019-11-05 09:02:10 +0100},
	date-modified = {2019-11-05 09:05:25 +0100},
	editor = {Herrgen, Joachim and Schmidt, J{\"u}rgen Erich and Fischer, Hanna and Ganswindt, Brigitte},
	pages = {61--100},
	publisher = {De Gruyter},
	series = {(Handb{\"u}cher zur Sprach- und Kommunikationswissenschaft; 30.4)},
	title = {Die Sprachr{\"a}ume des Deutschen: Linguistische Struktur, variatives Spektrum und Dynamik},
	volume = {4: Deutsch},
	year = {2019}}

@incollection{kleiber94,
	address = {T{\"u}bingen},
	author = {Kleiber, Wolfang},
	booktitle = {Dialektologie des Deutschen. Forschungsstand und Entwicklungstendenzen},
	date-added = {2019-11-05 08:59:39 +0100},
	date-modified = {2019-11-05 09:19:13 +0100},
	editor = {Mattheier, Klaus J. and Wiesinger, Peter},
	pages = {259--322},
	publisher = {Niemeyer},
	series = {(Reihe Germanistische Linguistik; 147)},
	title = {Historische Dialektologie unter besonderer Ber{\"u}cksichtigung der historischen Dialektkartographie (mit 39 Karten)},
	year = {1994}}

@article{fleischer19,
	author = {Fleischer, J{\"u}rg},
	date-added = {2019-11-05 08:57:12 +0100},
	date-modified = {2019-11-05 08:58:28 +0100},
	journal = {Zeitschrift f{\"u}r deutsches Altertum und deutsche Literatur},
	number = {2},
	pages = {258--284},
	title = {Zur sprachlichen Einordnung mittelhochdeutscher Zeugnisse. Grunds{\"a}tzliche und quantitative Explorationen anhand der „Kaiserchronik``-{\"U}berlieferung},
	volume = {148},
	year = {2019}}

@InCollection{Szczepaniak2010,
  author    = {Renata Szczepaniak},
  title     = {Jespersen's Cycle in German from the phonological perspective of syllable and word languages},
  booktitle = {Continuity and change in grammar},
  publisher = {John Benjamins Publishing Company},
  year      = {2010},
  editor    = {{A. Breitbarth, C. Lucas, S. Watts, D. Willis}},
  pages     = {321–334},
  address   = {Amsterdam, Philadelphia},
}

@article{bresnanetal07,
	author = {Bresnan, Joan AND Deo, Ashwini AND Sharma, Devyani},
	date-added = {2019-11-04 18:57:14 +0100},
	date-modified = {2019-11-04 18:57:14 +0100},
	journal = {English Language and Linguistics},
	number = {2},
	pages = {301--346},
	title = {Typology in variation: a probabilistic approach to \textit{be} and \textit{n't} in the Survey of English Dialects},
	volume = {11},
	year = {2007}}

@book{szczepaniak11,
	author = {Szczepaniak, Renata},
	date-added = {2019-11-04 18:57:08 +0100},
	date-modified = {2019-11-04 18:57:08 +0100},
	edition = {2.},
	publisher = {T{\"u}bingen: Narr},
	series = {(Narr Studienb{\"u}cher.)},
	title = {Grammatikalisierung im Deutschen},
	year = {2011}}

@incollection{ramelli15b,
	address = {G{\"o}ttingen},
	author = {Ramelli, Christian},
	booktitle = {Syntaktische Variation - areallinguistische Perspektiven},
	date-added = {2019-11-04 18:57:03 +0100},
	date-modified = {2019-11-04 18:57:03 +0100},
	editor = {Lenz, Alexandra and Patocka, Franz},
	pages = {47-66},
	publisher = {V\&R unipress},
	series = {(Wiener Arbeiter zur Linguistik; 2.)},
	title = {Grammatikalisierung im verbalen Bereich am Beispiel der Rheinischen Verlaufsform},
	year = {2015}}

@article{weinreich54,
	author = {Weinreich, Uriel},
	date-added = {2019-11-04 18:56:55 +0100},
	date-modified = {2019-11-04 18:56:55 +0100},
	journal = {Word},
	pages = {388-400},
	title = {Is a structural dialectology possible?},
	volume = {10},
	year = {1954}}

@incollection{seiler04,
	author = {Seiler, Guido},
	booktitle = {Dialectology meets Typology. Dialect Grammar from a Cross-Linguistic Perspective},
	date-added = {2019-11-04 18:56:49 +0100},
	date-modified = {2019-11-04 18:56:49 +0100},
	editor = {Kortmann, Bernd},
	pages = {367--399},
	publisher = {Berlin: de Gruyter},
	title = {On three types of dialect variation and their implications for linguistic theory. Evidence from verb clusters in Swiss German dialects},
	year = {2004}}

@book{hss1,
	address = {Bern [u.\,a.]},
	author = {Kleiber, Wolfang and Kunze, Konrad and L{\"o}ffler, Heinrich},
	date-added = {2019-11-04 16:42:52 +0100},
	date-modified = {2019-11-04 18:55:16 +0100},
	publisher = {Francke},
	title = {Historischer s{\"u}dwestdeutscher Sprachatlas},
	volume = {1: Text, Einleitung, Kommentare und Dokumentationen},
	year = {1979}}

@article{gleissnerfrings41,
	author = {Glei{\ss}ner, K{\"a}the and Frings, Theodor},
	date-added = {2019-03-26 08:29:41 +0100},
	date-modified = {2019-03-26 08:30:35 +0100},
	journal = {Zeitschrift f{\"u}r Mundartforschung},
	pages = {1-157},
	title = {Zur Urkundensprache des 13. Jhs.},
	volume = {17},
	year = {1941}}

@book{bech55,
	author = {Bech, Gunnar},
	date-added = {2019-03-25 23:18:33 +0100},
	date-modified = {2019-03-25 23:18:33 +0100},
	publisher = {Kopenhagen: Munksgaard},
	title = {Studien {\"u}ber das deutsche verbum infinitum},
	volume = {1},
	year = {1955}}

@book{schildtschmidt86,
	address = {Berlin},
	author = {Schildt, Joachim and Schmidt, Hartmut},
	date-added = {2019-03-25 23:11:27 +0100},
	date-modified = {2019-03-25 23:11:27 +0100},
	publisher = {Akademie-Verlag},
	title = {Berlinisch. Geschichtliche Einf{\"u}hrung in die Sprache einer Stadt},
	year = {1986}}

@book{mayerthaleretal95,
	author = {Mayerthaler, Willi and Fliedl, G{\"u}nther and Winkler, Christian},
	date-added = {2019-03-25 23:11:21 +0100},
	date-modified = {2019-03-25 23:11:21 +0100},
	publisher = {T{\"u}bingen: Narr},
	title = {Infinitivprominenz in europ{\"a}ischen Sprachen. Teil 2: Der Alpen-Adria-Raum als Schnittstelle von Germanisch, Romanisch und Slawisch},
	year = {1995}}

@book{brueckner88,
	address = {Frankfurt a.\,M.},
	date-added = {2019-03-25 23:10:58 +0100},
	date-modified = {2019-03-25 23:10:58 +0100},
	editor = {Br{\"u}ckner, Wolfgang},
	publisher = {Verlag Waldemar Kramer},
	title = {Frankfurter W{\"o}rterbuch},
	volume = {6: Strohmann--Zylinder},
	year = {1988}}

@incollection{bader95,
	author = {Bader, Thomas},
	booktitle = {Topics in Swiss German Syntax},
	date-added = {2019-03-25 23:10:52 +0100},
	date-modified = {2019-03-25 23:10:52 +0100},
	editor = {Penner, Zivi},
	pages = {19-27},
	publisher = {Bern: Peter Lang},
	title = {Missing and Misplaced z' in Bernese Swiss German},
	year = {1995}}

@incollection{hoehle06,
	author = {H{\"o}hle, Tilman N.},
	booktitle = {Form, structure, and grammar: A Festschrift presented to G{\"u}nther Grewendorf on occasion of his 60th birthday},
	date-added = {2019-03-25 23:10:47 +0100},
	date-modified = {2019-03-25 23:10:47 +0100},
	editor = {Brandt, Patrick AND Fu{\ss}, Eric},
	owner = {oliver},
	pages = {55--77},
	publisher = {Berlin: Akademie Verlag},
	timestamp = {2014.04.28},
	title = {Observing Non-Finite Verbs: Some 3V Phenomena in German-Dutch},
	year = {2006}}

@book{weber87,
	author = {Weber, Albert},
	date-added = {2019-03-25 23:10:40 +0100},
	date-modified = {2019-03-25 23:10:40 +0100},
	edition = {3. Auflage},
	publisher = {Z{\"u}rich: Rohr (unver{\"a}nderter Nachdruck der 2. Auflage 1964)},
	title = {Z{\"u}richdeutsche Grammatik. Ein Wegweiser zur guten Mundart.},
	year = {1987}}

@book{behaghel24,
	address = {Heidelberg},
	author = {Behaghel, Otto},
	date-added = {2019-03-25 23:10:34 +0100},
	date-modified = {2019-03-25 23:10:34 +0100},
	publisher = {Winter},
	series = {(Germanische Bibliothek: I. Sammlung Germanischer Elementar- und Handb{\"u}cher; 1. Reihe: Grammatiken)},
	title = {Deutsche Syntax: Eine geschichtliche Darstellung},
	volume = {2: Die Wortklassen und Wortformen},
	year = {1924}}

@unpublished{schallert19,
	author = {Schallert, Oliver},
	date-added = {2019-03-25 23:10:12 +0100},
	date-modified = {2019-03-25 23:10:23 +0100},
	note = {Manuskript, LMU M{\"u}nchen},
	title = {A note on misplaced or wrongly attached \textit{zu} \qufs{zu} in German},
	year = {2019}}

@incollection{salzmann16,
	author = {Salzmann, Martin},
	booktitle = {Replicative Processes in Grammar},
	date-added = {2019-03-25 23:10:05 +0100},
	date-modified = {2019-03-25 23:10:05 +0100},
	editor = {Barnickel, Katja et al.},
	pages = {1-44},
	publisher = {Universit{\"a}t Leipzig},
	title = {Displaced morphology in German -- Evidence for post-syntactic morphology},
	volume = {93},
	year = {2016}}

@book{muench04,
	address = {Bonn},
	author = {M{\"u}nch, Ferdinand},
	date-added = {2019-03-24 13:35:57 +0100},
	date-modified = {2019-03-24 13:35:57 +0100},
	publisher = {Friedrich Cohen},
	title = {Grammatik der ripuarisch-fr{\"a}nkischen Mundart},
	year = {1904}}

@incollection{pensel76,
	address = {Berlin},
	author = {Pensel, Franzjosef},
	booktitle = {Zur Ausbildung der Norm der deutschen Literatursprache auf der syntaktischen Ebene (1470--1730): der Einfachsatz},
	date-added = {2019-03-24 13:35:50 +0100},
	date-modified = {2019-03-24 13:35:50 +0100},
	editor = {Kettmann, Gerhard and Schildt, Joachim},
	pages = {285--326},
	publisher = {Akademie Verlag},
	series = {(Bausteine zur Sprachgeschichte des Neuhochdeutschen; 56/I.)},
	title = {Die Satznegation},
	year = {1976}}

@article{behaghel18,
	author = {Behaghel, Otto},
	date-added = {2019-03-24 13:35:41 +0100},
	date-modified = {2019-03-24 13:35:41 +0100},
	journal = {Wissenschaftliche Beihefte zur Zeitschrift des Allgemeinen Deutschen Sprachvereins},
	pages = {225-252},
	title = {Die Verneinung in der deutschen Sprache},
	volume = {38/40},
	year = {1918}}

@book{ebertetal93,
	address = {T{\"u}bingen},
	author = {Ebert, Robert Peter and Oskar Reichmann and Hans-Joachim Solms and Klaus-Peter Wegera},
	date-added = {2019-03-24 13:35:33 +0100},
	date-modified = {2019-03-24 13:35:33 +0100},
	publisher = {Niemeyer},
	title = {Fr{\"u}hneuhochdeutsche Grammatik},
	year = {1993}}

@book{jaeger08,
	address = {Amsterdam, Philadelphia},
	author = {J{\"a}ger, Agnes},
	date-added = {2019-03-24 13:35:27 +0100},
	date-modified = {2019-03-24 13:35:27 +0100},
	publisher = {Benjamins},
	series = {(Linguistik Aktuell; 118)},
	title = {History of German negation},
	year = {2008}}

@incollection{bayerbrandner04,
	author = {Bayer, Josef and Brandner, Ellen},
	booktitle = {Morphologie und Syntax deutscher Dialekte und Historische Dialektologie des Deutschen},
	date-added = {2019-03-24 13:28:49 +0100},
	date-modified = {2019-03-24 13:28:49 +0100},
	editor = {Patocka, Franz and Wiesinger, Peter},
	pages = {160-188},
	publisher = {Wien: Edition Pr{\"a}sens},
	title = {Kilitisiertes \textit{zu} im Bairischen und Alemannischen},
	year = {2004}}

@article{haspelmath89,
	author = {Haspelmath, Martin},
	date-added = {2019-03-24 13:27:30 +0100},
	date-modified = {2019-03-24 13:27:30 +0100},
	journal = {Folia Linguistica Historica},
	number = {1-2},
	pages = {287-310},
	title = {From purposive to infinitive -- a universal path of grammaticization},
	volume = {10},
	year = {1989}}

@article{nuebling95,
	author = {N{\"u}bling, Damaris},
	date-added = {2019-03-24 13:26:56 +0100},
	date-modified = {2019-03-24 13:26:56 +0100},
	journal = {Zeitschrift f{\"u}r Dialektologie und Linguistik},
	number = {2},
	pages = {127-154},
	title = {Kurzverben in germanischen Sprachen: Unterschiedliche Wege -- gleiche Ziele},
	volume = {62},
	year = {1995}}

@book{hss2,
	address = {Bern [u.\,a.]},
	author = {Kleiber, Wolfang and Kunze, Konrad and L{\"o}ffler, Heinrich},
	date-added = {2019-03-24 13:26:39 +0100},
	date-modified = {2019-11-04 18:55:22 +0100},
	publisher = {Francke},
	title = {Historischer s{\"u}dwestdeutscher Sprachatlas},
	volume = {2: Karten, Einf{\"u}hrung, Haupttonvokalismus, Nebentonvokalismus, Konsonantismus},
	year = {1979}}

@book{merkle76,
	author = {Merkle, Ludwig},
	date-added = {2019-03-24 13:26:32 +0100},
	date-modified = {2019-03-24 13:26:32 +0100},
	publisher = {M{\"u}nchen: dtv},
	title = {Bairische Grammatik},
	year = {1976}}

@book{valtskommentar3,
	author = {Gabriel, Eugen},
	date-added = {2019-03-24 13:26:27 +0100},
	date-modified = {2019-03-24 13:26:27 +0100},
	publisher = {Bregenz: Vorarlberger Landesregierung},
	title = {Kommentar Band III zu den Karten 1--206b},
	year = {2000}}

@book{valts3,
	date-added = {2019-03-24 13:26:27 +0100},
	date-modified = {2019-03-24 13:26:27 +0100},
	editor = {Gabriel, Eugen},
	publisher = {Bregenz: Vorarlberger Landesregierung},
	title = {Vorarlberger Sprachatlas mit Einschlu{\ss} des F{\"u}rstentums Liechtenstein, Westtirols und des Allg{\"a}us (VALTS)},
	volume = {III: Konsonantismus, Morphologie},
	year = {2000}}

@incollection{demske01,
	author = {Demske, Ulrike},
	booktitle = {Modalit{\"a}t und Modalverben im Deutschen},
	date-added = {2019-03-24 13:26:19 +0100},
	date-modified = {2019-03-24 13:26:19 +0100},
	editor = {Reis, Marga and M{\"u}ller, Reimar},
	pages = {239--262},
	publisher = {Hamburg: Buske},
	title = {Zur Distribution von Infinitivkomplementen im Althochdeutschen},
	year = {2001}}

@book{daleroms14,
	address = {Berlin, Boston},
	author = {Dal, Ingerid and Eroms, Hans-Werner},
	date-added = {2019-03-24 13:26:13 +0100},
	date-modified = {2019-03-24 13:26:13 +0100},
	publisher = {De Gruyter},
	series = {(Sammlung kurzer Grammatiken germanischen Dialekte; B, Erg{\"a}nzungsreihe; 7)},
	title = {Kurze deutsche Syntax auf historischer Grundlage},
	year = {2014}}

@book{fischer18,
	address = {Berlin, Boston},
	author = {Fischer, Hanna},
	date-added = {2019-03-24 12:32:31 +0100},
	date-modified = {2019-03-24 12:33:52 +0100},
	publisher = {De Gruyter},
	series = {(Studia Linguistica Germanica; 132)},
	title = {Pr{\"a}teritumschwund im Deutschen. Dokumentation und Erkl{\"a}rung eines Verdr{\"a}ngungsprozesses},
	year = {2018}}

@book{lindgren53,
	author = {Lindgren, Kaj B.},
	date-added = {2019-03-24 12:25:41 +0100},
	date-modified = {2019-03-24 12:25:41 +0100},
	publisher = {Helsinki: Annales Academi{\ae} Scientiarum Fennic{\ae}},
	title = {Die Apokope des mhd. \textit{-e} in seinen verschiedenen Funktionen},
	year = {1953}}

@phdthesis{fischer16,
	author = {Fischer, Hanna},
	date-added = {2019-03-24 12:25:32 +0100},
	date-modified = {2019-03-24 12:25:32 +0100},
	school = {Universit{\"a}t Marburg},
	title = {Pr{\"a}teritumschwund im Deutschen. Dokumentation und Erkl{\"a}rung eines Verdr{\"a}ngungsprozesses},
	year = {2016}}

@phdthesis{reis91,
	author = {Reis, Hans},
	date-added = {2019-03-24 12:25:15 +0100},
	date-modified = {2019-03-24 12:25:15 +0100},
	school = {Universit{\"a}t Gie{\ss}en},
	title = {Beitr{\"a}ge zur mainzer Mundart},
	year = {1891}}

@book{koenig07,
	author = {K{\"o}nig, Werner},
	date-added = {2019-03-24 12:25:09 +0100},
	date-modified = {2019-03-24 12:25:09 +0100},
	edition = {16},
	publisher = {M{\"u}nchen: dtv},
	title = {dtv-Atlas Deutsche Sprache},
	year = {2007}}

@book{kleinetal18,
	address = {Berlin, Boston},
	author = {Klein, Thomas and Solms, Hans-Joachim and Wegera, Klaus-Peter},
	date-added = {2019-03-24 11:44:19 +0100},
	date-modified = {2019-03-24 11:45:57 +0100},
	publisher = {De Gruyter},
	title = {Mittelhochdeutsche Grammatik. Teil 2: Flexionsmorphologie},
	year = {2018}}

@book{fleischerschallert11,
	author = {Fleischer, J{\"u}rg and Schallert, Oliver},
	date-added = {2019-03-24 10:18:20 +0100},
	date-modified = {2019-03-24 10:18:20 +0100},
	publisher = {T{\"u}bingen: Narr},
	title = {Historische Syntax des Deutschen -- eine Einf{\"u}hrung},
	year = {2011}}

@book{corpus32,
	date-added = {2019-03-24 10:18:04 +0100},
	date-modified = {2019-11-18 18:14:07 +0100},
	editor = {Wilhelm, Friedrich and Newald, Richard and de Boor, Helmut and Haacke, Diether and Kirschstein, Bettina},
	publisher = {Lahr: Schauenburg},
	title = {Corpus der altdeutschen Originalurkunden bis zum Jahr 1300},
	volume = {1},
	year = {1932}}

@book{wmu1,
	date-added = {2019-03-24 10:17:57 +0100},
	date-modified = {2019-03-24 10:17:57 +0100},
	editor = {Kirschstein, Bettina and Schulze, Ursula and Ohly, Sibylle and Schmitt, Peter},
	publisher = {Berlin: Erich Schmidt Verlag},
	title = {W{\"o}rterbuch der mittelhochdeutschen Urkundensprache; auf Grundlage des Corpus der altdeutschen Originalurkunden bis zum Jahr 1300},
	volume = {1},
	year = {1994}}

@book{sapp11,
	author = {Sapp, Christopher},
	date-added = {2019-03-24 10:17:52 +0100},
	date-modified = {2019-03-24 10:17:52 +0100},
	publisher = {Benjamins},
	series = {(Linguistics today; 173.)},
	title = {The verbal complex in subordinate clauses from medieval to modern German},
	year = {2011}}

@book{labov94,
	author = {Labov, William},
	date-added = {2019-03-24 10:17:46 +0100},
	date-modified = {2019-03-24 10:17:46 +0100},
	publisher = {Oxford: Blackwell},
	title = {Principles of linguistic change},
	volume = {1: Internal factors},
	year = {1994}}

@book{ganslmayer09,
	author = {Ganslmayer, Christine},
	date-added = {2019-03-24 10:17:34 +0100},
	date-modified = {2019-03-24 10:17:34 +0100},
	publisher = {Berlin, Boston: de Gruyter},
	series = {(Studia Linguistica Germanica; 97)},
	title = {Adjektivderivation in der Urkundensprache des 13. Jahrhunderts},
	year = {2009}}

@book{paul07,
	author = {Paul, Hermann},
	date-added = {2019-03-24 10:17:27 +0100},
	date-modified = {2019-03-24 10:17:27 +0100},
	edition = {25. Auflage, neu bearbeitet von Thomas Klein u.\,a.},
	publisher = {T{\"u}bingen: Niemeyer},
	title = {Mittelhochdeutsche Grammatik},
	year = {2007}}

@incollection{skala85,
	author = {Sk{\'a}la, Emil},
	booktitle = {Sprachgeschichte: Ein Handbuch zur Geschichte der deutschen Sprache und ihrer Erforschung},
	date-added = {2019-03-24 10:17:18 +0100},
	date-modified = {2019-03-24 10:17:18 +0100},
	editor = {Besch, Werner and Reichmann, Oskar and Sonderegger, Stefan},
	pages = {1173---1780},
	publisher = {Berlin, New York: de Gruyter},
	series = {(Handb{\"u}cher zur Sprach- und Kommunikationswissenschaft; 2)},
	title = {Urkundensprache, Gesch{\"a}fts- und Verkehrssprachen im Sp{\"a}tmittelalter},
	volume = {2.2},
	year = {1985}}

@mastersthesis{becker16,
	author = {Becker, Carsten},
	date-added = {2019-03-24 10:17:13 +0100},
	date-modified = {2019-03-24 10:17:13 +0100},
	school = {Universit{\"a}t Marburg},
	title = {Mittelhochdeutsche Adjektivmorphosyntax in pragmatischen und literarischen Texten. Eine exemplarische Studie},
	year = {2016}}

@book{schulze11,
	address = {Berlin},
	author = {Schulze, Ursula},
	date-added = {2019-03-24 10:17:06 +0100},
	date-modified = {2019-03-24 10:17:06 +0100},
	publisher = {Erich Schmidt Verlag},
	title = {Studien zur Erforschung der deutschsprachigen Urkunden des 13. Jahrhunderts},
	year = {2011}}

@book{HRG5,
	date-added = {2019-03-24 10:17:00 +0100},
	date-modified = {2019-03-24 10:17:00 +0100},
	editor = {Erler, Adalbert and Ekkehard Kaufmann and Dieter Werkm{\"u}ller and Ruth Schmidt-Wiegand},
	publisher = {Berlin: Erich Schmidt Verlag},
	title = {Handw{\"o}rterbuch zur deutschen Rechtsgeschichte},
	volume = {5: Straftheorie--Zycha, Register},
	year = {1998}}

@article{sapp14,
	author = {Sapp, Christopher},
	date-added = {2019-03-24 10:16:48 +0100},
	date-modified = {2019-03-24 10:16:48 +0100},
	journal = {Journal of Comparative Germanic Linguistics},
	number = {2},
	pages = {129--156},
	title = {Extraposition in Middle and New High German},
	volume = {17},
	year = {2014}}

@incollection{bein95,
	address = {Frankfurt a.\,M.},
	author = {Bein, Thomas},
	booktitle = {Altgermanische Editionswissenschaft},
	date-added = {2019-03-24 10:16:34 +0100},
	date-modified = {2019-03-24 10:16:34 +0100},
	editor = {Bein Thomas},
	pages = {11--34},
	publisher = {Lang},
	series = {(Dokumentation Germanistischer Forschung; 1.)},
	title = {Einf{\"u}hrung},
	year = {1995}}

@book{behaghel23,
	address = {Heidelberg},
	author = {Behaghel, Otto},
	date-added = {2019-03-24 10:16:28 +0100},
	date-modified = {2019-03-24 10:16:28 +0100},
	publisher = {Winter},
	title = {Deutsche Syntax: eine geschichtliche Darstellung},
	volume = {I: Die Wortklassen und Wortformen. A. Nomen, Pronomen.},
	year = {1928}}

@incollection{schueler16,
	address = {Stuttgart},
	author = {Sch{\"u}ler, Julia},
	booktitle = {Syntax aus Saarbr{\"u}cker Sicht I},
	date-added = {2019-03-24 10:16:19 +0100},
	date-modified = {2019-11-18 18:18:20 +0100},
	editor = {Speyer, Augustin and Rauth, Philipp and Ramelli, Christian and Sch{\"u}ler, Julia and Stark, Julia},
	pages = {91-107},
	publisher = {Steiner},
	series = {(Zeitschrift f{\"u}r Dialektologie und Linguistik -- Beihefte; 165)},
	title = {Alte und neue Fragen zur mittelhochdeutschen Negationssyntax},
	year = {2016}}

@incollection{speyer16,
	address = {Stuttgart},
	author = {Speyer, Augustin},
	booktitle = {Syntax aus Saarbr{\"u}cker Sicht I},
	date-added = {2019-03-24 10:16:19 +0100},
	date-modified = {2019-03-24 10:16:19 +0100},
	editor = {Speyer, Augustin and Rauth, Philipp and Ramelli, Christian and Sch{\"u}ler, Julia and Stark, Julia},
	pages = {137-158},
	publisher = {Steiner},
	series = {(Zeitschrift f{\"u}r Dialektologie und Linguistik - Beihefte; 165)},
	title = {Die Entwicklung der Nachfeldbesetzung in verschiedenen deutschen Dialekten: Informationsdichte und strukturelle Verschiedenheit},
	year = {2016}}

@incollection{wegera00,
	author = {Wegera, Klaus-Peter},
	booktitle = {Sprachgeschichte: Ein Handbuch zur Geschichte der deutschen Sprache und ihrer Erforschung},
	date-added = {2019-03-24 09:54:41 +0100},
	date-modified = {2019-03-24 09:54:41 +0100},
	editor = {Besch, Werner and Betten, Anne and Reichmann, Oskar and Sonderegger, Stefan},
	pages = {1304-1320},
	publisher = {De Gruter},
	series = {(Handb{\"u}cher zur Sprach- und Kommunikationswissenschaft; 2.)},
	title = {Grundlagenprobleme einer mittelhochdeutschen Grammatik},
	year = {2000}}


@Book{Breitbarth2014,
  title     = {The History of Low German Negation},
  publisher = {Oxford University Press},
  year      = {2014},
  author    = {Anne Breitbarth},
  address   = {Oxford [u.a.]},
}

@InCollection{Christensen2003,
  author    = {Ken R. Christensen},
  title     = {On the synchronic and diachronic status of the negative adverbial ikke / not},
  booktitle = {Working Papers in Scandinavian Syntax 72},
  year      = {2003},
  pages     = {1–53},
}

@InCollection{Klein2005,
  author    = {Thomas Klein},
  title     = {Die mittelhochdeutsche Apokope und Synkope nach Liquid in mittelhochdeutschen Grammatiken und Wörterbüchern und in mittelhochdeutschen Handschriften},
  booktitle = {Lexikographie und Grammatik des Mittelhochdeutschen. Beiträge des internationalen Kolloquiums an der Universität Trier, 19. und 20. Juli 2001},
  publisher = {Franz Steiner},
  year      = {2005},
  editor    = {{Ralf Plate, Andrea Rapp}},
  pages     = {121–169},
  address   = {Stuttgart},
}

@InCollection{Dipper2015,
  author    = {Stefanie Dipper},
  title     = {Annotierte Korpora für die Historische Syntaxforschung: Anwendungsbeispiele anhand des Referenzkorpus Mittelhochdeutsch},
  booktitle = {Zeitschrift für germanistische Linguistik},
  publisher = {De Gruyter},
  year      = {2015},
  volume    = {43 (Heft 3)},
  pages     = {516–563},
  address   = {Berlin, Boston},
}

@InCollection{Gaertner1977,
  author    = {Kurt G{\"a}rtner},
  title     = {Zur Negationspartikel ne in den Handschriften von Wolframs ‚Willehalm'. Die mit ne und niht verneinten Sätze},
  booktitle = {Wolfram-Studien 4},
  publisher = {Schmidt},
  year      = {1977},
  editor    = {{Werner Schröder}},
  pages     = {81–103},
  address   = {Berlin},
}

@article{schueler17,
	author = {Julia Sch{\"u}ler},
	date-modified = {2021-03-31 14:36:26 +0200},
	journal = {Rheinische Vierteljahresbl{\"a}tter},
	pages = {1--23},
	title = {{Negationsstrukturen in den K{\"o}lner Urkunden des 13. Jahrhunderts im Vergleich}},
	volume = {81},
	year = {2017}}

@Book{Buethe-Scheider2017,
  title     = {Die E-Apokope im Ripuarischen : eine korpuslinguistische Untersuchung spätmittelhochdeutscher und frühneuhochdeutscher Quellen},
  publisher = {de Gruyter},
  year      = {2017},
  author    = {Eva B{\"u}the-Scheider},
  address   = {Berlin, Boston},
}

@book{hrbek21,
    author = {Daniel Hrbek},
    title = {{Untersuchungen zu Negationsstrukturen im Mittelhochdeutschen}},
    address = {{University of Munich [M.A.-thesis]}},
    year = {2021} }

@Book{Hayes1995,
  title     = {Metrical Stress Theory: Principles and Case Studies},
  publisher = {University of Chicago Press},
  year      = {1995},
  author    = {Bruce Hayes},
  address   = {Chicago, London},
}

@Book{HertelimErscheinen,
  title     = {Zur Negationssyntax im Mittelhochdeutschen},
  publisher = {Saarland University [PhD thesis]},
  year      = {2022},
  author    = {Julia Hertel},
}

@InCollection{buschfleischer15,
  author    = {Busch, Nathanael and Fleischer, J{\"u}rg},
  title     = {Zusammenschreibung im Althochdeutschen und Altniederdeutschen bis ca. 975: Ergebnisse einer paläographischen Untersuchung},
  booktitle = {Beiträge zur Geschichte der deutschen Sprache und Literatur (PBB) 137},
  year      = {2015},
  pages     = {563–598},
}

@Book{Labs-Ehlert1993,
  title     = {Versalschreibung in althochdeutschen Sprachdenkmälern. Ein Beitrag über die Anfänge der Großschreibung im Deutschen unter Berücksichtigung der Schriftgeschichte (= Göppinger Arbeiten zur Germanistik 553)},
  publisher = {Kümmerle},
  year      = {1993},
  author    = {Brigitte Labs-Ehlert},
  address   = {Göppingen},
}

@Book{Eythorsson1995,
  title     = {Verbal syntax in the early Germanic languages},
  publisher = {Cornell University [PhD thesis]},
  year      = {1995},
  author    = {Thórhallur Eythórsson},
}

@InCollection{Eythorsson2002,
  author    = {Thórhallur Eythórsson},
  title     = {Negation in C: The Syntax of Negated Verbs in Old Norse},
  booktitle = {Nordic Journals of Linguistics 25},
  year      = {2002},
  pages     = {190–224},
}

@InCollection{pickl21,
  author    = {Simon Pickl},
  title     = {Ein korpuslinguistischer Beitrag zu Herkunft und Entwicklung des negativen Indefinitums \textit{kein}},
  booktitle = {Zeitschrift für Germanistische Linguistik. 49 (1)},
  year      = {2021},
  pages     = {84–120},
}

@Book{Grimm1890,
  title     = {Deutsche Grammatik, Band 3 [1831]},
  publisher = {C. Bertelsmann},
  year      = {1890},
  author    = {Jacob Grimm},
  address   = {Gütersloh},
}

@book{jaeger08,
	address = {Amsterdam},
	author = {Agnes J{\"a}ger},
	date-added = {2021-10-14 12:51:28 +0200},
	date-modified = {2021-10-14 12:52:59 +0200},
	publisher = {John Benjamins Publishing Company},
	series = {Linguistik Aktuell; 118},
	title = {History of German Negation},
	year = {2008}}
	
@Book{Jespersen1917,
  title     = {Negation in English and other languages},
  publisher = {Andr. Fred. Høst \& Søn},
  year      = {1917},
  author    = {Otto Jespersen},
  address   = {Kopenhagen},
}
	
@Book{Klein2016,
  title   = {Handbuch zum Referenzkorpus Mittelhochdeutsch (= Bochumer Linguistische Arbeitsberichte 19)},
  year    = {2016},
  author  = {Klein, Thomas and Dipper, Stefanie},
  address = {Bochum},
}
	
@TechReport{kleinetal16,
  author        = {Klein, Thomas and Wegera, Klaus-Peter and Dipper, Stefanie and Wich-Reif, Claudia},
  title         = {Referenzkorpus Mittelhochdeutsch (1050--1350), Version 1.0},
  year          = {2016},
  bdsk-url-1    = {https://www.linguistics.ruhr-uni-bochum.de/rem/index.html},
  date-added    = {2021-03-31 14:26:43 +0200},
  date-modified = {2021-03-31 14:26:55 +0200},
  url           = {https://www.linguistics.ruhr-uni-bochum.de/rem/index.html},
}

@InCollection{Krause2016,
  author    = {Krause, Thomas and Zeldes, Amir},
  title     = {ANNIS3: A new architecture for generic corpus query and visualization},
  booktitle = {Digital Scholarship in the Humanities 31},
  year      = {2016},
  url       = {http://dsh.oxfordjournals.org/content/31/1/118},
}
	
@InCollection{Lander2018,
  author    = {Eric Lander},
  title     = {Revisiting the etymology of the Nordic negative enclitic -a/-at},
  booktitle = {Working Papers in Scandinavian Syntax 100},
  year      = {2018},
  pages     = {20–40},
}

@InCollection{Larrivee2011,
  author    = {Pierre Larrivée},
  title     = {Is there a Jespersen Cycle?},
  booktitle = {The Evolution of Negation: Beyond the Jespersen Cycle (= Trends in Linguistics 235)},
  publisher = {De Gruyter Mouton},
  year      = {2011},
  editor    = {{Pierre Larrivée, Richard P. Ingham}},
  pages     = {1–22},
  address   = {Berlin, Boston},
}

@InCollection{Meillet1912,
  author    = {Antoine Meillet},
  title     = {L'évolution des formes grammaticales},
  booktitle = {Scienta 12},
  year      = {1912},
  pages     = {384–400},
}

@InCollection{Pickl2017,
  author    = {Simon Pickl},
  title     = {Neues zur Entwicklung der Negation im Mittelhochdeutschen. Grammatikalisierung und Variation in oberdeutschen Predigten},
  booktitle = {Beiträge zur Geschichte der deutschen Sprache und Literatur 139},
  publisher = {de Gruyter},
  year      = {2017},
  pages     = {1–46},
}

@TechReport{ReNTeam2019,
  author        = {{ReN-Team}},
  title         = {Referenzkorpus Mittelniederdeutsch/Niederrheinisch (1200–1650), Version 1.0},
  year          = {2019},
  bdsk-url-1    = {https://www.linguistics.ruhr-uni-bochum.de/rem/index.html},
  date-added    = {2021-03-31 14:26:43 +0200},
  date-modified = {2021-03-31 14:26:55 +0200},
  url           = {https://www.linguistics.ruhr-uni-bochum.de/rem/index.html},
}	

@InCollection{Schwarz2019,
  author    = {Christian Schwarz},
  title     = {Wortbildungswandel im frühen Deutsch. Vergleichende Analysen der Referenzkorpora Altdeutsch und Mittelhochdeutsch},
  booktitle = {Jahrbuch für Germanistische Sprachgeschichte 10 (1)},
  year      = {2019},
  pages     = {241–260},
}
	
@article{Simpson2002,
 author = {Andrew Simpson and Zoe Wu},
 journal = {Language},
 number = {2},
 pages = {287--313},
 publisher = {Linguistic Society of America},
 title = {Agreement, Shells, and Focus},
 volume = {78},
 year = {2002}
}

@Book{Weiss1998,
  title     = {Syntax des Bairischen: Studien zur Grammatik einer natürlichen Sprache (= Linguistische Arbeiten 391)},
  publisher = {Niemeyer},
  year      = {1998},
  author    = {Helmut Weiß},
  address   = {Tübingen},
}


@Book{witzenhausen19,
  title         = {Negation – Exception – Contrast. The post-cyclical development of \textit{ne/en} in Middle High German, Middle Low German and Middle Dutch},
  publisher     = {Universiteit Gent [PhD thesis]},
  year          = {2019},
  author        = {Witzenhausen, Elisabeth},
  date-added    = {2021-03-31 15:18:28 +0200},
  date-modified = {2021-03-31 15:21:02 +0200},
  school        = {Universit{\"a}t Ghent},
}
